@article{1,
  title={Quantum embeddings for machine learning},
  author={Lloyd, Seth and Schuld, Maria and Ijaz, Aroosa and Izaac, Josh and Killoran, Nathan},
  journal={arXiv preprint arXiv:2001.03622},
  year={2020},
  url={https://doi.org/10.48550/arXiv.2001.03622}
}